@inproceedings{Milner1972LogicFC,
  title={Logic for Computable Functions: description of a machine implementation.},
  author={Robin Milner},
  year={1972}
}

@inproceedings{DBLP:conf/lics/Reynolds02,
  author    = {John C. Reynolds},
  title     = {Separation Logic: {A} Logic for Shared Mutable Data Structures},
  booktitle = {17th {IEEE} Symposium on Logic in Computer Science {(LICS} 2002),
               22-25 July 2002, Copenhagen, Denmark, Proceedings},
  pages     = {55--74},
  publisher = {{IEEE} Computer Society},
  year      = {2002},
  url       = {https://doi.org/10.1109/LICS.2002.1029817},
  doi       = {10.1109/LICS.2002.1029817},
  timestamp = {Wed, 16 Oct 2019 14:14:54 +0200},
  biburl    = {https://dblp.org/rec/conf/lics/Reynolds02.bib},
  bibsource = {dblp computer science bibliography, https://dblp.org}
}

@inproceedings{DBLP:conf/cpp/Watt18,
  author    = {Conrad Watt},
  editor    = {June Andronick and
               Amy P. Felty},
  title     = {Mechanising and verifying the WebAssembly specification},
  booktitle = {Proceedings of the 7th {ACM} {SIGPLAN} International Conference on
               Certified Programs and Proofs, {CPP} 2018, Los Angeles, CA, USA, January
               8-9, 2018},
  pages     = {53--65},
  publisher = {{ACM}},
  year      = {2018},
  url       = {https://doi.org/10.1145/3167082},
  doi       = {10.1145/3167082},
  timestamp = {Wed, 21 Nov 2018 12:44:26 +0100},
  biburl    = {https://dblp.org/rec/conf/cpp/Watt18.bib},
  bibsource = {dblp computer science bibliography, https://dblp.org}
}

@inproceedings{DBLP:conf/popl/Necula97,
  author    = {George C. Necula},
  editor    = {Peter Lee and
               Fritz Henglein and
               Neil D. Jones},
  title     = {Proof-Carrying Code},
  booktitle = {Conference Record of POPL'97: The 24th {ACM} {SIGPLAN-SIGACT} Symposium
               on Principles of Programming Languages, Papers Presented at the Symposium,
               Paris, France, 15-17 January 1997},
  pages     = {106--119},
  publisher = {{ACM} Press},
  year      = {1997},
  url       = {https://doi.org/10.1145/263699.263712},
  doi       = {10.1145/263699.263712},
  timestamp = {Tue, 06 Nov 2018 11:07:43 +0100},
  biburl    = {https://dblp.org/rec/conf/popl/Necula97.bib},
  bibsource = {dblp computer science bibliography, https://dblp.org}
}

@inproceedings{DBLP:conf/pldi/HaasRSTHGWZB17,
  author    = {Andreas Haas and
               Andreas Rossberg and
               Derek L. Schuff and
               Ben L. Titzer and
               Michael Holman and
               Dan Gohman and
               Luke Wagner and
               Alon Zakai and
               J. F. Bastien},
  editor    = {Albert Cohen and
               Martin T. Vechev},
  title     = {Bringing the web up to speed with WebAssembly},
  booktitle = {Proceedings of the 38th {ACM} {SIGPLAN} Conference on Programming
               Language Design and Implementation, {PLDI} 2017},
  pages     = {185--200},
  publisher = {{ACM}},
  year      = {2017},
  doi       = {10.1145/3062341.3062363}
}

@misc{Wasi,
    author = {{The WebAssembly working group}},
    title = {The {WebAssembly} System Interface ({WASI})},
    howpublished = {\url{https://wasi.dev}},
    year = {2021}
}
