@inproceedings{Milner1972LogicFC,
  title={Logic for Computable Functions: description of a machine implementation.},
  author={Robin Milner},
  year={1972}
}

@inproceedings{DBLP:conf/pldi/HaasRSTHGWZB17,
  author    = {Andreas Haas and
               Andreas Rossberg and
               Derek L. Schuff and
               Ben L. Titzer and
               Michael Holman and
               Dan Gohman and
               Luke Wagner and
               Alon Zakai and
               J. F. Bastien},
  editor    = {Albert Cohen and
               Martin T. Vechev},
  title     = {Bringing the web up to speed with WebAssembly},
  booktitle = {Proceedings of the 38th {ACM} {SIGPLAN} Conference on Programming
               Language Design and Implementation, {PLDI} 2017},
  pages     = {185--200},
  publisher = {{ACM}},
  year      = {2017},
  doi       = {10.1145/3062341.3062363}
}

@misc{Wasi,
    author = {{The WebAssembly working group}},
    title = {The {WebAssembly} System Interface ({WASI})},
    howpublished = {\url{https://wasi.dev}},
    year = {2021}
}
